@ARTICLE{bowman:reasoning,
	AUTHOR = "Mic Bowman and Saumya K. Debray and Larry L. Peterson",
	TITLE = "Reasoning About Naming Systems",
	JOURNAL = "ACM Trans. Program. Lang. Syst.",
	VOLUME = {15},
	NUMBER = {5},
	PAGES = {795-825},
	MONTH = "November",
	YEAR = {1993}	}

@ARTICLE{braams:babel,
	AUTHOR = "Johannes Braams",
	TITLE = "Babel, a Multilingual Style-Option System for Use with LaTeX's Standard Document Styles",
	JOURNAL = {TUGboat},
	VOLUME = {12},
	NUMBER = {2},
	PAGES = {291-301},
	MONTH = "June",
	YEAR = {1991}	}

@INPROCEEDINGS{clark:pct,
	AUTHOR = "Malcolm Clark",
	TITLE = "Post Congress Tristesse",
	BOOKTITLE = "TeX90 Conference Proceedings",
	PAGES = "84-89",
	ORGANIZATION = "TeX Users Group",
	MONTH = "March", 
	YEAR = {1991}	}

@ARTICLE{herlihy:methodology,
	AUTHOR = "Maurice Herlihy",
	TITLE = "A Methodology for Implementing Highly Concurrent
	Data Objects",
	JOURNAL = {ACM Trans. Program. Lang. Syst.},
	VOLUME = {15},
	NUMBER = {5},
	PAGES = {745-770},
	MONTH = "November",
	YEAR = {1993}	}

@BOOK{Lamport:LaTeX,
	AUTHOR = "Leslie Lamport",
	TITLE = "LaTeX User's Guide and Document Reference Manual",
	PUBLISHER = "Addison-Wesley Publishing Company",
	ADDRESS = "Reading, Massachusetts",
	YEAR = "1986"	}

@BOOK{salas:calculus,
	AUTHOR = "S.L. Salas and Einar Hille",
	TITLE = "Calculus: One and Several Variable",
	PUBLISHER = "John Wiley and Sons",
	ADDRESS = "New York",
	YEAR = "1978"	}
	
@BOOK{WEBSERVICESZEND,
	AUTHOR = "Jonas Mariën",
	TITLE = "Zend Framework Web Services",
	PUBLISHER = "A php|architect Guide",
	ADDRESS = "Canada",
	YEAR = "2011"	}
	
@BOOK{UNDERWEBSERVICES,
	AUTHOS = "Eric New Comer",
	TITLE = "Understanding Web Services- XML, WSDL, SOAP and UDDI",
	PUBLISHER = "Independent Tecnology Guides",
	YEAR = "2002"	}

@misc{OASIS-WS-I-SITE,
	howpublished = {Disponível em: \url{http://www.ws-i.org/}},
	note = {Acessado em 15/09/2012},
	title = {Welcome to the WS-I Organization's Web site},
	author = {OASIS}	}
	
@misc{PHONEGAPSITE,
	howpublished = {Disponível em: \url{http://www.phonegap.com/}},
	note = {Acessado em 22/09/2012},
	title = {PhoneGap},
	author = {Adobe}	}
	
@misc{JQUERYMOBILESITE,
	howpublished = {Disponível em: \url{http://jquerymobile.com/}},
	note = {Acessado em 22/09/2012},
	title = {JQuery Mobile},
	author = {The jQuery Foundation}	}

@misc{HTTP-1.1,
	howpublished={Disponível em: \url{http://www.hjp.at/doc/rfc/rfc2616.html}},
	note = {Acessado em: 17/09/2012},
	title = {Hypertext Transfer Protocol -- HTTP/1.1},
	author= {R. Fielding and J. Gettys and J. Mogul and H. Frystyk and L. Masinter and P. Leach and T. Berners-Lee}	}

@misc{WEBS,
	howpublished = {Disponível em: \url{http://www.w3schools.com/webservices/default.asp}},
	note = {Acessado em: 22/09/2012},
	title = {Web Services Tutorial},
	author = {W3Schools Company - Refsnes Data}
}

@misc{SOA-Microsoft,
	howpublished = {Disponível em: \url{http://msdn.microsoft.com/en-us/library/aa480021.aspx}},
	note = {Acessado em 23/09/2012},
	title = {Understanding Service-Oriented Architecture},
	author = {David Sprott and Lawrence Wilkes}
}

@misc{SOA-W3C,
	howpublished = {Disponível em: \url{http://www.w3.org/TR/ws-arch/}},
	note = {Acessado em 23/09/2012},
	title = {Web Services Architecture},
	author = {David Booth, Hugo Haas, Francis McCabe, Eric Newcomer, Michael Champion, Chris Ferris, David Orchard}
}

@BOOK {APACHE-AXIS,
	AUTHOR="Deepal Jayasinghe and Afkham Azeez",
	TITLE ="Apache Axis2 Web Services 2nd Edition",
	PUBLISHER = "Packt Publishing",
	ADDRESS = "BIRMIGHAM - MUMBAI",
	YEAR = "2011"	}
